<?xml version="1.0" encoding="utf-8"?>
<record xmlns="http://www.loc.gov/MARC21/slim" xmlns:xsi="http://www.w3.org/2001/XMLSchema-instance" xsi:schemaLocation="http://www.loc.gov/MARC21/slim http://www.loc.gov/standards/marcxml/schema/MARC21slim.xsd">
	<leader>     nam a22     Mi 4500</leader>
	<controlfield tag="001">2762551</controlfield>
	<controlfield tag="003">NjP</controlfield>
	<controlfield tag="006">m        d        </controlfield>
	<controlfield tag="007">cr cn |||m|||a</controlfield>
	<controlfield tag="008">190606s1939    ua a    o     000 0 ara d</controlfield>
	<datafield ind1=" " ind2=" " tag="040">
		<subfield code="a">ZYU</subfield>
		<subfield code="b">ara</subfield>
		<subfield code="e">rda</subfield>
		<subfield code="c">ZYU</subfield>
	</datafield>
	<datafield ind1=" " ind2="4" tag="050">
		<subfield code="a">G93.I13</subfield>
		<subfield code="b">W26 1939</subfield>
	</datafield>
	<datafield ind1="1" ind2=" " tag="100">
		<subfield code="6">880-01</subfield>
		<subfield code="a">Ibn al-Wardī, Zayn al-Dīn ʻUmar ibn al-Muẓaffar,</subfield>
		<subfield code="d">-1349.</subfield>
	</datafield>
	<datafield ind1="1" ind2="0" tag="245">
		<subfield code="6">880-02</subfield>
		<subfield code="a">Kharīdat al-ʻajāib wa-faridat al-gharāʼib. /</subfield>
		<subfield code="c">Taʼlīf Sirāj al-Dīn Abī Hafs ʻUmar ibn al-Wardī.</subfield>
	</datafield>
	<datafield ind1=" " ind2=" " tag="250">
		<subfield code="a">al-Ṭabʻah al-thānīyah.</subfield>
	</datafield>
	<datafield ind1=" " ind2=" " tag="260">
		<subfield code="a">[Al-Qāhirah] :</subfield>
		<subfield code="b">Muṣṭafá al-Babī al-Ḥalabī wa-Awladih,</subfield>
		<subfield code="c">[1358/1949/1939]</subfield>
	</datafield>
	<datafield ind1=" " ind2=" " tag="300">
		<subfield code="a">online resource (288 pages) :</subfield>
		<subfield code="b">illustrations</subfield>
	</datafield>
	<datafield ind1=" " ind2=" " tag="336">
		<subfield code="a">text</subfield>
		<subfield code="2">rdacontent</subfield>
	</datafield>
	<datafield ind1=" " ind2=" " tag="337">
		<subfield code="a">computer</subfield>
		<subfield code="2">rdamedia</subfield>
	</datafield>
	<datafield ind1=" " ind2=" " tag="338">
		<subfield code="a">online resource</subfield>
		<subfield code="2">rdacarrier</subfield>
	</datafield>
	<datafield ind1=" " ind2=" " tag="500">
		<subfield code="a">Compiled from al-Ḥarrānī's Jāmiʻ al-funūn.</subfield>
	</datafield>
	<datafield ind1=" " ind2=" " tag="500">
		<subfield code="a">Part of the Arabic Collections Online (ACO) project, contributed by Princeton University Libraries.</subfield>
	</datafield>
	<datafield ind1=" " ind2=" " tag="533">
		<subfield code="a">Electronic reproduction.</subfield>
		<subfield code="b">New York, N.Y. :</subfield>
		<subfield code="c">New York University,</subfield>
		<subfield code="d">2019.</subfield>
		<subfield code="5">NNU</subfield>
	</datafield>
	<datafield ind1=" " ind2="0" tag="650">
		<subfield code="a">Geography, Medieval.</subfield>
	</datafield>
	<datafield ind1=" " ind2="7" tag="650">
		<subfield code="a">Geography, Medieval.</subfield>
		<subfield code="2">fast</subfield>
		<subfield code="0">(OCoLC)fst00940573</subfield>
	</datafield>
	<datafield ind1="1" ind2="2" tag="700">
		<subfield code="a">Ḥarrānī, Aḥmad ibn Ḥamdān,</subfield>
		<subfield code="d">f. 1332.</subfield>
		<subfield code="t">Jamiʻ al-funūn wa salwat al-maḥzūn.</subfield>
	</datafield>
	<datafield ind1="2" ind2=" " tag="710">
		<subfield code="a">Princeton University.</subfield>
		<subfield code="b">Library.</subfield>
	</datafield>
	<datafield ind1="0" ind2=" " tag="730">
		<subfield code="a">Arabic Collections Online.</subfield>
	</datafield>
	<datafield ind1="0" ind2="8" tag="776">
		<subfield code="i">Online version:</subfield>
		<subfield code="a">Ibn al-Wardī, Zayn al-Dīn ʻUmar ibn al-Muẓaffar, -1349.</subfield>
		<subfield code="t">Kharīdat al-ʻajāib wa-faridat al-gharāʼib.</subfield>
		<subfield code="b">al-Ṭabʻah al-thānīyah.</subfield>
		<subfield code="d">[Al-Qāhirah] Muṣṭafá al-Babī al-Ḥalabī wa-Awladih, [1358/1949/1939]</subfield>
		<subfield code="w">(OCoLC)631099064</subfield>
	</datafield>
	<datafield ind1="0" ind2="8" tag="776">
		<subfield code="i">Print version:</subfield>
		<subfield code="a">Ibn al-Wardī, Zayn al-Dīn ʻUmar ibn al-Muẓaffar, -1349.</subfield>
		<subfield code="t">Kharīdat al-ʻajāib wa-faridat al-gharāʼib</subfield>
		<subfield code="w">(NjP)2762551</subfield>
		<subfield code="w">(OCoLC)23508275</subfield>
	</datafield>
	<datafield ind1="4" ind2="0" tag="856">
		<subfield code="u">http://hdl.handle.net/2333.1/9zw3r9mb</subfield>
	</datafield>
	<datafield ind1="1" ind2=" " tag="880">
		<subfield code="6">100-01</subfield>
		<subfield code="a">ابن الوردي ،زين الدين عمر بن المظفر.</subfield>
	</datafield>
	<datafield ind1="1" ind2="0" tag="880">
		<subfield code="6">245-02</subfield>
		<subfield code="a">خريدة العجائب وفريدة الغرائب /</subfield>
		<subfield code="c">تأليف سراج الدين أبي حفص عمر بن الوردي.</subfield>
	</datafield>
	<datafield ind1=" " ind2=" " tag="880">
		<subfield code="6">250-00</subfield>
		<subfield code="a">الطبعة ٢.</subfield>
	</datafield>
	<datafield ind1=" " ind2=" " tag="880">
		<subfield code="6">260-00</subfield>
		<subfield code="a">مصر :</subfield>
		<subfield code="b">مصطفى البابي الحلبي وأولاده،</subfield>
		<subfield code="c">[١٣٥٨]</subfield>
	</datafield>
	<datafield ind1="1" ind2="2" tag="880">
		<subfield code="6">700-00</subfield>
		<subfield code="a">حراني، أحمد بن حمدان.</subfield>
		<subfield code="t">جامع الفنون وسلوة المحزون.</subfield>
	</datafield>
	<datafield ind1=" " ind2=" " tag="959">
		<subfield code="a">NNU</subfield>
		<subfield code="b">WEB</subfield>
		<subfield code="c">GENI</subfield>
		<subfield code="t">0</subfield>
		<subfield code="m">Electronic access</subfield>
		<subfield code="s">01</subfield>
	</datafield>
	<datafield ind1=" " ind2=" " tag="999">
		<subfield code="i">NjP_2762551</subfield>
		<subfield code="o">(OCoLC)ocm23508275 </subfield>
		<subfield code="s">princeton_aco002514</subfield>
		<subfield code="e">(ERROR-880)</subfield>
	</datafield>
</record>
